<?xml version="1.0" encoding="UTF-8"?><collection xmlns="http://www.loc.gov/MARC21/slim"><record><leader>00539nam--2200193-u-4500</leader><controlfield tag="001">000056850</controlfield><controlfield tag="002">20200910</controlfield><controlfield tag="005">20200910032705</controlfield><controlfield tag="008">200910s1000------------r-----000-0-rum-d</controlfield><datafield ind1=" " ind2=" " tag="040"><subfield code="a">IFIN-HH</subfield></datafield><datafield ind1="a" ind2=" " tag="041"><subfield code="a">rum</subfield></datafield><datafield ind1="1" ind2=" " tag="100"><subfield code="a">Penes, Nicolae</subfield></datafield><datafield ind1="1" ind2="0" tag="245"><subfield code="a">Marturiile unui luptator: Dr. ing. Mihail Balanescu</subfield><subfield code="c">Nicolae Penes</subfield></datafield><datafield ind1=" " ind2=" " tag="250"><subfield code="a">Editia a II-a, revazuta si adaugita</subfield></datafield><datafield ind1=" " ind2=" " tag="260"><subfield code="a">Buzau</subfield><subfield code="b">Editgraph</subfield><subfield code="c">2012</subfield></datafield><datafield ind1=" " ind2=" " tag="300"><subfield code="a">349 p</subfield></datafield><datafield ind1=" " ind2=" " tag="500"><subfield code="a">Donatie Acad. Nicolae Victor Zamfir</subfield></datafield><datafield ind1="1" ind2=" " tag="852"><subfield code="a">82794</subfield><subfield code="c">N.V.Z</subfield></datafield><datafield ind1=" " ind2=" " tag="CAT"><subfield code="a">SYS</subfield><subfield code="c">20200910</subfield><subfield code="h">032705</subfield></datafield></record></collection>